@inproceedings{utkovski2006construction,
  title={On the construction of non-coherent space time codes from high-dimensional spherical codes},
  author={Utkovski, Zoran and Lindner, Juergen},
  booktitle={Spread Spectrum Techniques and Applications, 2006 IEEE Ninth International Symposium on},
  pages={327--331},
  year={2006},
  organization={IEEE}
}

@article{mandic2011filter,
  title={Filter bank property of multivariate empirical mode decomposition},
  author={Mandic, DP and others},
  journal={Signal Processing, IEEE Transactions on},
  volume={59},
  number={5},
  pages={2421--2426},
  year={2011},
  publisher={IEEE}
}

@article{rehman2010multivariate,
  title={Multivariate empirical mode decomposition},
  author={Rehman, Naveed and Mandic, Danilo P},
  journal={Proceedings of the Royal Society A: Mathematical, Physical and Engineering Science},
  volume={466},
  number={2117},
  pages={1291--1302},
  year={2010},
  publisher={The Royal Society}
}

@article{wong1997sampling,
  title={Sampling with Hammersley and Halton points},
  author={Wong, Tien-Tsin and Luk, Wai-Shing and Heng, Pheng-Ann},
  journal={Journal of graphics tools},
  volume={2},
  number={2},
  pages={9--24},
  year={1997},
  publisher={Taylor \& Francis}
}

@article{cui1997equidistribution,
  title={Equidistribution on the sphere},
  author={Cui, Jianjun and Freeden, Willi},
  journal={SIAM Journal on Scientific Computing},
  volume={18},
  number={2},
  pages={595--609},
  year={1997},
  publisher={SIAM}
}

@article{strohmer2003grassmannian,
  title={Grassmannian frames with applications to coding and communication},
  author={Strohmer, Thomas and Heath Jr, Robert W},
  journal={Applied and computational harmonic analysis},
  volume={14},
  number={3},
  pages={257--275},
  year={2003},
  publisher={Elsevier}
}

@article{love2003grassmannian,
  title={Grassmannian beamforming for multiple-input multiple-output wireless systems},
  author={Love, David J and Heath, Robert W and Strohmer, Thomas},
  journal={Information Theory, IEEE Transactions on},
  volume={49},
  number={10},
  pages={2735--2747},
  year={2003},
  publisher={IEEE}
}

@article{brauchart2012qmc,
  title={QMC designs: optimal order Quasi Monte Carlo integration schemes on the sphere},
  author={Brauchart, Johann S and Saff, Edward B and Sloan, Ian H and Womersley, Rob S},
  journal={arXiv preprint arXiv:1208.3267},
  year={2012}
}

@article{mitchell2008sampling,
  title={Sampling rotation groups by successive orthogonal images},
  author={Mitchell, Julie C},
  journal={SIAM Journal on Scientific Computing},
  volume={30},
  number={1},
  pages={525--547},
  year={2008},
  publisher={SIAM}
}

@article{yershova2010generating,
  title={Generating uniform incremental grids on SO (3) using the Hopf fibration},
  author={Yershova, Anna and Jain, Swati and LaValle, Steven M and Mitchell, Julie C},
  journal={The International journal of robotics research},
  volume={29},
  number={7},
  pages={801--812},
  year={2010},
  publisher={SAGE Publications}
}

