@inproceedings{yuan2009double,
  title={Double patterning lithography friendly detailed routing with redundant via consideration},
  author={Yuan, Kun and Lu, Katrina and Pan, David Z},
  booktitle={46th ACM/IEEE Design Automation Conference},
  pages={63--66},
  year={2009},
  month={July},
  keywords={lithography;network routing;coloring conflict;double patterning lithography-friendly routing;lower metal layers;post layout decomposition algorithm;post-routing double patterning lithography-aware insertion;stitch minimization;Algorithm design and analysis;Hardware;Lithography;Manufacturing;Page description languages;Routing;Solids;Detailed Routing;Double Patterning;Redundant Via},
  organization={IEEE}
}

@article{ding2017self,
  title={Self-aligned double patterning-aware detailed routing with double via insertion and via manufacturability consideration},
  author={Ding, Yixiao and Chu, Chris and Mak, Wai-Kei},
  journal={IEEE Transactions on Computer-Aided Design of Integrated Circuits and Systems},
  year={2017},
  doi={10.1109/TCAD.2017.2712660},
  ISSN={0278-0070}, 
  publisher={IEEE}
}
